@Article{pcml2016kaggle,
	title={EPFL Machine Learning Lecture - Project 1},
	author={EPFL},
	journal={URL https://inclass.kaggle.com/c/epfml-project-1},
	year={2016}
}

@Article{adam2014learning,
	title={Learning to discover: the Higgs boson machine learning challenge},
	author={Adam-Bourdarios, Claire and Cowan, Glen and Germain, Cecile and Guyon, Isabelle and Kegl, Balazs and Rousseau, David},
	journal={URL http://higgsml.lal.in2p3.fr/documentation},
	year={2014}
}

@misc{ wiki,
  author = {{Condition Number}},
  title = "Condition Number --- {W}ikipedia{,} The Free Encyclopedia",
  year = "2016",
  url = "https://en.wikipedia.org/wiki/Condition_number",
  note = "[Online; accessed 31-Oct-2016]"
}

@Book{bishop,
author = {Christopher M. Bishop},
title = {Pattern Classification \& Machine Learning},
publisher = {Springer},
year = 2006}